@inproceedings{APJFNN,
  title     = {Enhancing person-job fit for talent recruitment: An ability-aware neural network approach},
  author    = {Qin, Chuan and Zhu, Hengshu and Xu, Tong and Zhu, Chen and Jiang, Liang and Chen, Enhong and Xiong, Hui},
  booktitle = {The 41st international ACM SIGIR conference on research \& development in information retrieval},
  pages     = {25--34},
  year      = {2018}
}

@article{BPJFNN,
  title     = {Person-job fit: Adapting the right talent for the right job with joint representation learning},
  author    = {Zhu, Chen and Zhu, Hengshu and Xiong, Hui and Ma, Chao and Xie, Fang and Ding, Pengliang and Li, Pan},
  journal   = {ACM Transactions on Management Information Systems (TMIS)},
  volume    = {9},
  number    = {3},
  pages     = {1--17},
  year      = {2018},
  publisher = {ACM New York, NY, USA}
}

@inproceedings{chou2020based,
  title        = {Based on the application of AI technology in resume analysis and job recommendation},
  author       = {Chou, Yi-Chi and Yu, Han-Yen},
  booktitle    = {2020 IEEE International Conference on Computational Electromagnetics (ICCEM)},
  pages        = {291--296},
  year         = 2020,
  organization = {IEEE}
}


@inproceedings{IPJF,
  title     = {Towards effective and interpretable person-job fitting},
  author    = {Le, Ran and Hu, Wenpeng and Song, Yang and Zhang, Tao and Zhao, Dongyan and Yan, Rui},
  booktitle = {Proceedings of the 28th ACM International Conference on Information and Knowledge Management},
  pages     = {1883--1892},
  year      = {2019}
}


@inproceedings{MultiVeiwMatching,
  title     = {Learning to Match Jobs with Resumes from Sparse Interaction Data using Multi-View Co-Teaching Network},
  author    = {Bian, Shuqing and Chen, Xu and Zhao, Wayne Xin and Zhou, Kun and Hou, Yupeng and Song, Yang and Zhang, Tao and Wen, Ji-Rong},
  booktitle = {Proceedings of the 29th ACM International Conference on Information \& Knowledge Management},
  pages     = {65--74},
  year      = {2020}
}


@article{PJFNN,
  title     = {Person-job fit: Adapting the right talent for the right job with joint representation learning},
  author    = {Zhu, Chen and Zhu, Hengshu and Xiong, Hui and Ma, Chao and Xie, Fang and Ding, Pengliang and Li, Pan},
  journal   = {ACM Transactions on Management Information Systems (TMIS)},
  volume    = {9},
  number    = {3},
  pages     = {1--17},
  year      = {2018},
  publisher = {ACM New York, NY, USA}
}


@inproceedings{siamesematching,
  title     = {Matching resumes to jobs via deep siamese network},
  author    = {Maheshwary, Saket and Misra, Hemant},
  booktitle = {Companion Proceedings of the The Web Conference 2018},
  pages     = {87--88},
  year      = 2018
}

@inproceedings{transferMathcing,
  title     = {Domain adaptation for person-job fit with transferable deep global match network},
  author    = {Bian, Shuqing and Zhao, Wayne Xin and Song, Yang and Zhang, Tao and Wen, Ji-Rong},
  booktitle = {Proceedings of the 2019 Conference on Empirical Methods in Natural Language Processing and the 9th International Joint Conference on Natural Language Processing (EMNLP-IJCNLP)},
  pages     = {4812--4822},
  year      = {2019}
}

@article{CIGmatching,
  title={Matching article pairs with graphical decomposition and convolutions},
  author={Liu, Bang and Niu, Di and Wei, Haojie and Lin, Jinghong and He, Yancheng and Lai, Kunfeng and Xu, Yu},
  journal={arXiv preprint arXiv:1802.07459},
  year={2018}
}


